<record><leader>00000cas a22000007a 4500</leader><controlfield tag="001">33600120</controlfield><controlfield tag="008">951120d188u1958meuwr ne      0    0eng d</controlfield><datafield ind1=" " ind2=" " tag="010"><subfield code="a">sn 95067969 </subfield></datafield><datafield ind1=" " ind2=" " tag="040"><subfield code="a">MBN</subfield><subfield code="b">eng</subfield><subfield code="c">MBN</subfield><subfield code="d">OCL</subfield><subfield code="d">MBN</subfield><subfield code="d">OCLCQ</subfield><subfield code="d">OCLCF</subfield><subfield code="d">OCLCO</subfield></datafield><datafield ind1="1" ind2=" " tag="029"><subfield code="a">AU@</subfield><subfield code="b">000012176375</subfield></datafield><datafield ind1=" " ind2=" " tag="042"><subfield code="a">msc</subfield></datafield><datafield ind1=" " ind2=" " tag="043"><subfield code="a">n-us-me</subfield></datafield><datafield ind1="0" ind2="4" tag="245"><subfield code="a">The Lubec herald.</subfield></datafield><datafield ind1="1" ind2="3" tag="246"><subfield code="a">Lubec and Eastport herald-sentinel</subfield><subfield code="f">May 16, 1957-May 29, 1958</subfield></datafield><datafield ind1=" " ind2=" " tag="260"><subfield code="a">Lubec, Me. :</subfield><subfield code="b">W.J. Vance Hainer</subfield></datafield><datafield ind1=" " ind2=" " tag="300"><subfield code="a">v.</subfield></datafield><datafield ind1=" " ind2=" " tag="310"><subfield code="a">Weekly</subfield></datafield><datafield ind1="1" ind2=" " tag="362"><subfield code="a">Ceased 1958?</subfield></datafield><datafield ind1=" " ind2=" " tag="500"><subfield code="a">Published supplement: The heraldette, May 22, 1952.</subfield></datafield><datafield ind1=" " ind2=" " tag="500"><subfield code="a">Published magazine feature section, Mar. 11, 1954-</subfield></datafield><datafield ind1=" " ind2=" " tag="588"><subfield code="a">Description based on: Vol. 1, no. 20 (Feb. 11, 1887).</subfield></datafield><datafield ind1=" " ind2="0" tag="651"><subfield code="a">Lubec (Me.)</subfield><subfield code="v">Newspapers.</subfield></datafield><datafield ind1=" " ind2="7" tag="655"><subfield code="a">Newspapers.</subfield><subfield code="2">fast</subfield><subfield code="0">(OCoLC)fst01423814</subfield></datafield><datafield ind1=" " ind2="7" tag="651"><subfield code="a">Maine</subfield><subfield code="z">Lubec.</subfield><subfield code="2">fast</subfield><subfield code="0">(OCoLC)fst01246935</subfield></datafield><datafield ind1=" " ind2=" " tag="752"><subfield code="a">United States</subfield><subfield code="b">Maine</subfield><subfield code="c">Washington</subfield><subfield code="d">Lubec.</subfield></datafield><datafield ind1="0" ind2="0" tag="780"><subfield code="t">Lubec weekly herald</subfield><subfield code="w">(DLC)sn 97070843</subfield></datafield></record>